<?xml version="1.0" encoding="UTF-8"?>
<record xmlns="http://www.loc.gov/MARC21/slim" xmlns:xsi="http://www.w3.org/2001/XMLSchema-instance" xsi:schemaLocation="http://www.loc.gov/MARC21/slim http://www.loc.gov/standards/marcxml/schema/MARC21slim.xsd">
<leader>     cam a2200301   4500</leader>
<controlfield tag="001">001679359</controlfield>
<controlfield tag="003">NNU</controlfield>
<controlfield tag="005">19970526174521.5</controlfield>
<controlfield tag="008">820105s1963    ir ab    b   f000 0 ara</controlfield>
<datafield tag="010" ind1=" " ind2=" ">
<subfield code="a">ne 65000665</subfield>
</datafield>
<datafield tag="035" ind1="9" ind2=" ">
<subfield code="a">NYUb12222750</subfield>
</datafield>
<datafield tag="035" ind1=" " ind2=" ">
<subfield code="a">(MH)MHBII79987HU</subfield>
</datafield>
<datafield tag="035" ind1=" " ind2=" ">
<subfield code="a">(OCoLC)08039686</subfield>
</datafield>
<datafield tag="035" ind1=" " ind2=" ">
<subfield code="a">(CStRLIN)MAHGBII79987-B</subfield>
</datafield>
<datafield tag="040" ind1=" " ind2=" ">
<subfield code="a">DLC</subfield>
<subfield code="c">WaU</subfield>
<subfield code="d">MH</subfield>
<subfield code="d">CStRLIN</subfield>
</datafield>
<datafield tag="043" ind1=" " ind2=" ">
<subfield code="a">f-ae---</subfield>
</datafield>
<datafield tag="050" ind1=" " ind2="4">
<subfield code="a">HD9577.A42</subfield>
<subfield code="b">S2</subfield>
</datafield>
<datafield tag="100" ind1="1" ind2=" ">
<subfield code="a">Ṣābir, Muḥammad.</subfield>
</datafield>
<datafield tag="245" ind1="1" ind2="3">
<subfield code="a">al-Nafṭ fī al-Jazāi̕r,</subfield>
<subfield code="b">taṭawwuruh wa-mashākiluh. Ḥarrarah Muḥammad Ṣābir.</subfield>
</datafield>
<datafield tag="260" ind1=" " ind2=" ">
<subfield code="a">[Dimashq]</subfield>
<subfield code="b">Wizārat al-Thaqāfah wa-al-Irshād al-Qawmī, Mudīrīyat al-Tal̕īf wa-al-Tarjamah</subfield>
<subfield code="c">[1963]</subfield>
</datafield>
<datafield tag="300" ind1=" " ind2=" ">
<subfield code="a">254 p.</subfield>
<subfield code="b">illus., fold. map.</subfield>
<subfield code="c">24 cm.</subfield>
</datafield>
<datafield tag="490" ind1="0" ind2=" ">
<subfield code="a">Silsilat tabsīṭ al-ʻulūm,</subfield>
<subfield code="v">5</subfield>
</datafield>
<datafield tag="500" ind1=" " ind2=" ">
<subfield code="a">Silsilat al-thaqāfah al-shaʻbīyah.</subfield>
</datafield>
<datafield tag="504" ind1=" " ind2=" ">
<subfield code="a">Bibliography: p. 237-243.</subfield>
</datafield>
<datafield tag="650" ind1=" " ind2="0">
<subfield code="a">Petroleum industry and trade</subfield>
<subfield code="z">Algeria.</subfield>
</datafield>
<datafield tag="OWN" ind1=" " ind2=" ">
<subfield code="a">GENERAL</subfield>
</datafield>
<datafield tag="950" ind1=" " ind2=" ">
<subfield code="l">BMAIN</subfield>
<subfield code="a">HD9577.A42</subfield>
<subfield code="b">S2</subfield>
</datafield>
<datafield tag="955" ind1=" " ind2=" ">
<subfield code="l">BMAIN</subfield>
<subfield code="c">1</subfield>
<subfield code="r">028411174</subfield>
</datafield>
<datafield tag="955" ind1=" " ind2=" ">
<subfield code="l">BMAIN</subfield>
<subfield code="c">2</subfield>
<subfield code="r">028411232</subfield>
</datafield>
<datafield tag="998" ind1=" " ind2=" ">
<subfield code="s">9115</subfield>
</datafield>
<datafield tag="AVA" ind1=" " ind2=" ">
<subfield code="a">NYU50</subfield>
<subfield code="b">BOBST</subfield>
<subfield code="c">Main Collection</subfield>
<subfield code="d">HD9577.A42 S2</subfield>
<subfield code="e">unavailable</subfield>
<subfield code="t">Unavailable</subfield>
<subfield code="f">1</subfield>
<subfield code="g">1</subfield>
<subfield code="h">N</subfield>
<subfield code="i">0</subfield>
<subfield code="j">MAIN</subfield>
<subfield code="k">0</subfield>
</datafield>
</record>
